<record><leader>00000cas a2200000 a 4500</leader><controlfield tag="001">43620803</controlfield><controlfield tag="008">000313d198u1989cauwr ne      0    0eng c</controlfield><datafield ind1=" " ind2=" " tag="010"><subfield code="a">sn 00060500 </subfield></datafield><datafield ind1=" " ind2=" " tag="040"><subfield code="a">CNK</subfield><subfield code="b">eng</subfield><subfield code="c">CNK</subfield><subfield code="d">CNK</subfield><subfield code="d">OCLCQ</subfield><subfield code="d">OCLCF</subfield><subfield code="d">OCLCO</subfield></datafield><datafield ind1="1" ind2=" " tag="029"><subfield code="a">AU@</subfield><subfield code="b">000021430977</subfield></datafield><datafield ind1=" " ind2=" " tag="042"><subfield code="a">pcc</subfield></datafield><datafield ind1=" " ind2=" " tag="043"><subfield code="a">n-us-ca</subfield></datafield><datafield ind1="0" ind2=" " tag="130"><subfield code="a">Palm Desert post (Palm Desert, Calif. : 1985)</subfield></datafield><datafield ind1="1" ind2="0" tag="245"><subfield code="a">Palm Desert post.</subfield></datafield><datafield ind1="1" ind2=" " tag="246"><subfield code="i">Occasionally published as:</subfield><subfield code="a">Palm Desert Palm Desert post</subfield></datafield><datafield ind1="1" ind2=" " tag="246"><subfield code="i">Published as:</subfield><subfield code="a">Palm Desert desert post</subfield><subfield code="f">June 14-Oct. 18, 1989</subfield></datafield><datafield ind1=" " ind2=" " tag="250"><subfield code="a">Wednesday mid week ed.</subfield></datafield><datafield ind1=" " ind2=" " tag="260"><subfield code="a">Palm Desert, CA :</subfield><subfield code="b">Desert Community Newspapers, Inc.</subfield></datafield><datafield ind1=" " ind2=" " tag="300"><subfield code="a">v.</subfield></datafield><datafield ind1=" " ind2=" " tag="310"><subfield code="a">Weekly</subfield></datafield><datafield ind1="0" ind2=" " tag="362"><subfield code="a">-v. 28, no. 28 (Oct. 18, 1989).</subfield></datafield><datafield ind1=" " ind2=" " tag="500"><subfield code="a">"Palm Desert" appears in smaller print above "Post," July 31, 1985-June 7, 1989; and "Desert" appears in small print between "Palm Desert" and "Post," June 14-Oct. 18, 1989.</subfield></datafield><datafield ind1=" " ind2=" " tag="500"><subfield code="a">"Wednesday Mid Week Edition" dropped July 31, 1985.</subfield></datafield><datafield ind1=" " ind2=" " tag="515"><subfield code="a">Numbering is irregular.</subfield></datafield><datafield ind1=" " ind2=" " tag="530"><subfield code="a">Master negatives are available for duplication from:</subfield><subfield code="b">California Newspaper Microfilm Archive;</subfield><subfield code="c">positive copies may be purchased by the reel; for further information consult the CNMA at:</subfield><subfield code="u">http://cbsr.ucr.edu</subfield></datafield><datafield ind1=" " ind2=" " tag="588"><subfield code="a">Description based on: Vol. 23, no. 41 (Jan. 2, 1985).</subfield></datafield><datafield ind1=" " ind2="0" tag="651"><subfield code="a">Coachella Valley (Calif.)</subfield><subfield code="v">Newspapers.</subfield></datafield><datafield ind1=" " ind2="0" tag="651"><subfield code="a">Palm Desert (Calif.)</subfield><subfield code="v">Newspapers.</subfield></datafield><datafield ind1=" " ind2="0" tag="651"><subfield code="a">Palm Springs (Calif.)</subfield><subfield code="v">Newspapers.</subfield></datafield><datafield ind1=" " ind2="7" tag="655"><subfield code="a">Newspapers.</subfield><subfield code="2">fast</subfield><subfield code="0">(OCoLC)fst01423814</subfield></datafield><datafield ind1=" " ind2="7" tag="651"><subfield code="a">California</subfield><subfield code="z">Coachella Valley.</subfield><subfield code="2">fast</subfield><subfield code="0">(OCoLC)fst01239812</subfield></datafield><datafield ind1=" " ind2="7" tag="651"><subfield code="a">California</subfield><subfield code="z">Palm Desert.</subfield><subfield code="2">fast</subfield><subfield code="0">(OCoLC)fst01219032</subfield></datafield><datafield ind1=" " ind2="7" tag="651"><subfield code="a">California</subfield><subfield code="z">Palm Springs.</subfield><subfield code="2">fast</subfield><subfield code="0">(OCoLC)fst01208038</subfield></datafield><datafield ind1=" " ind2=" " tag="752"><subfield code="a">United States</subfield><subfield code="b">California</subfield><subfield code="c">Riverside</subfield><subfield code="d">Palm Desert.</subfield></datafield><datafield ind1="0" ind2=" " tag="775"><subfield code="t">Weekend desert post</subfield><subfield code="w">(DLC)sn 84001868</subfield></datafield><datafield ind1="0" ind2="0" tag="785"><subfield code="t">Desert post (Palm Desert, Calif. : 1989)</subfield><subfield code="w">(DLC)sn 00060501</subfield></datafield></record>